@misc{cppvar,
  title = {cplusplus.com},
  howpublished = {\url{http://www.cplusplus.com/doc/tutorial/variables/}},
  note = {Accessed: 2016-11-11}
}

@misc{pythonvar,
  title = {TutorialsPoint},
  howpublished = {\url{https://www.tutorialspoint.com/python/python\_variable\_types.htm}},
  note = {Accessed: 2016-11-11}
}

@misc{javavar,
  title = {Learn Java Online},
  howpublished = {\url{https://www.learnjavaonline.org/en/Variables\_and\_Types}},
  note = {Accessed: 2016-11-11}
}

@misc{javafunction,
  title = {<Daniweb>},
  howpublished = {\url{https://www.daniweb.com/programming/software-development/threads/303846/function-declaration-in-java}},
  note = {Accessed: 2016-11-11}
}

@misc{pythonfunction,
  title = {TutorialsPoint},
  howpublished = {\url{hhttps://www.tutorialspoint.com/python/python\_functions.htm}},
  note = {Accessed: 2016-11-11}
}

@misc{javaclass,
  title = {Wideskills},
  howpublished = {\url{http://www.wideskills.com/java-tutorial/java-classes-and-objects}},
  note = {Accessed: 2016-11-11}
}

@misc{pythonclass,
  title = {Python Software Foundation},
  howpublished = {\url{https://docs.python.org/2/tutorial/classes.html}},
  note = {Accessed: 2016-11-11}
}

@misc{cclass,
  title = {TutorialsPoint},
  howpublished = {\url{https://www.tutorialspoint.com/cplusplus/cpp\_constructor\_destructor.htm}},
  note = {Accessed: 2016-11-11}
}

@misc{Oracle,
  title = {Oracle: "Java: Declaring Member variables"},
  howpublished = {\url{https://docs.oracle.com/javase/tutorial/java/javaOO/variables.html}},
  note = {Accessed: 2016-11-11}
}

@misc{Kivy,
  title = {Kivy Framework},
  howpublished = {\url{https://kivy.org/docs/api-kivy.html}},
  note = {Accessed: 2016-11-11}
}

@misc{libavg,
  title = {libavg Reference},
  howpublished = {\url{https://www.libavg.de/reference/dev/index.html}},
  note = {Accessed: 2016-11-11}
}

@misc{wxPython,
  title = {wxPython Phoenix API Documentation},
  howpublished = {\url{https://wxpython.org/Phoenix/docs/html/main.html}},
  note = {Accessed: 2016-11-11}
}
