@misc{cppvar,
  title = {cplusplus.com},
  howpublished = {\url{http://www.cplusplus.com/doc/tutorial/variables/}},
  note = {Accessed: 2016-11-11}
}

@misc{pythonvar,
  title = {TutorialsPoint},
  howpublished = {\url{https://www.tutorialspoint.com/python/python\_variable\_types.htm}},
  note = {Accessed: 2016-11-11}
}

@misc{javavar,
  title = {Learn Java Online},
  howpublished = {\url{https://www.learnjavaonline.org/en/Variables\_and\_Types}},
  note = {Accessed: 2016-11-11}
}

@misc{javafunction,
  title = {Daniweb>},
  howpublished = {\url{https://www.daniweb.com/programming/software-development/threads/303846/function-declaration-in-java}},
  note = {Accessed: 2016-11-11}
}

@misc{pythonfunction,
  title = {TutorialsPoint},
  howpublished = {\url{hhttps://www.tutorialspoint.com/python/python\_functions.htm}},
  note = {Accessed: 2016-11-11}
}

@misc{javaclass,
  title = {Wideskills},
  howpublished = {\url{http://www.wideskills.com/java-tutorial/java-classes-and-objects}},
  note = {Accessed: 2016-11-11}
}

@misc{pythonclass,
  title = {Python Software Foundation},
  howpublished = {\url{https://docs.python.org/2/tutorial/classes.html}},
  note = {Accessed: 2016-11-11}
}

@misc{cclass,
  title = {TutorialsPoint},
  howpublished = {\url{https://www.tutorialspoint.com/cplusplus/cpp\_constructor\_destructor.htm}},
  note = {Accessed: 2016-11-11}
}

@misc{Oracle,
  title = {Oracle: "Java: Declaring Member variables"},
  howpublished = {\url{https://docs.oracle.com/javase/tutorial/java/javaOO/variables.html}},
  note = {Accessed: 2016-11-11}
}

@misc{Kivy,
  title = {Kivy Framework},
  howpublished = {\url{https://kivy.org/docs/api-kivy.html}},
  note = {Accessed: 2016-11-11}
}

@misc{libavg,
  title = {libavg Reference},
  howpublished = {\url{https://www.libavg.de/reference/dev/index.html}},
  note = {Accessed: 2016-11-11}
}

@misc{wxPython,
  title = {wxPython Phoenix API Documentation},
  howpublished = {\url{https://wxpython.org/Phoenix/docs/html/main.html}},
  note = {Accessed: 2016-11-11}
}

@misc{xmlf,
  title = {Extensible Markup Language (XML) 1.0 (Fifth Edition)},
  howpublished = {\url{https://www.w3.org/TR/REC-xml/\#sec-origin-goals}},
  note = {Accessed: 2016-11-12}
}

@misc{xmls,
  title = {Advantages \& Disadvantages Of XML},
  howpublished = {\url{http://www.techmynd.com/advantages-disadvantages-of-xml/}},
  note = {Accessed: 2016-11-12}
}

@misc{opengl,
  title = {The OpenGLR Graphics System: A Specification (Version 4.0 (Core Profile) - March 11, 2010)},
  howpublished = {\url{https://www.opengl.org/registry/doc/glspec40.core.20100311.pdf}},
  note = {Accessed: 2016-11-12}
}

@misc{criticalmass,
  title = {Critical Mass},
  howpublished = {\url{http://catb.org/jargon/html/C/critical-mass.html}},
  note = {Accessed: 2016-11-12}
}

@misc{creepingfeaturism,
  title = {Creeping Featurism},
  howpublished = {\url{http://catb.org/jargon/html/C/creeping-featurism.html}},
  note = {Accessed: 2016-11-12}
}

@misc{oop,
  title = {What is Object Oriented Programming? (Without the Hype)},
  howpublished = {\url{http://duramecho.com/ComputerInformation/WhatIsObjectOrientedProgramming.html}},
  note = {Accessed: 2016-11-12}
}

@misc{streamprocessing,
  title = {A SHORT INTRO TO STREAM PROCESSING},
  howpublished = {\url{http://www.jonathanbeard.io/blog/2015/09/19/streaming-and-dataflow.html}},
  note = {Accessed: 2016-11-12}
}

@misc{meyers,
  title = {Chris Meyers. (2015) Building a GUI Application with Tkinter},
  howpublished = {\url{http://www.openbookproject.net/py4fun/gui/tkPhone.html}},
  note = {Accessed: 2016-11-12}
}

@misc{johnson,
  title = {Stephen Johnson. (2009) Pyglet Tutorial},
  howpublished = {\url{http://steveasleep.com/pyglettutorial.html}},
  note = {Accessed: 2016-11-12}
}

@misc{armstrong,
  title = {James C. Armstrong and David B. Horvath Basic Formatting with troff/nroff},
  howpublished = {\url{ http://cmd.inp.nsk.su/old/cmd2/manuals/unix/UNIX\_Unleashed/ch08.htm}},
  note = {Accessed: 2016-11-12}
}

@misc{moody,
  title = {George B. Moody. (2003) An Introduction to Cygwin},
  howpublished = {\url{https://www.physionet.org/physiotools/cygwin/}},
  note = {Accessed: 2016-11-12}
}

@misc{ieee,
	title = {IEEE Standard for Information Technology Systems Design Software Design Descriptions},
   howpublished = {\url{http://ieeexplore.ieee.org/stamp/stamp.jsp?arnumber=5167255}},
   note = {Accessed: 2016-11-26}
}

