@misc{xmlf,
  title = {cplusplus.com},
  howpublished = {\url{http://www.cplusplus.com/doc/tutorial/variables/}},
  note = {Accessed: 2016-11-11}
}

@misc{xmls,
  title = {TutorialsPoint},
  howpublished = {\url{https://www.tutorialspoint.com/python/python\_variable\_types.htm}},
  note = {Accessed: 2016-11-11}
}

@misc{opengl,
  title = {Learn Java Online},
  howpublished = {\url{https://www.learnjavaonline.org/en/Variables\_and\_Types}},
  note = {Accessed: 2016-11-11}
}

@misc{javafunction,
  title = {<Daniweb>},
  howpublished = {\url{https://www.daniweb.com/programming/software-development/threads/303846/function-declaration-in-java}},
  note = {Accessed: 2016-11-11}
}

