@misc{meyers,
  title = {Chris Meyers. (2015) Building a GUI Application with Tkinter},
  howpublished = {\url{http://www.openbookproject.net/py4fun/gui/tkPhone.html}},
  note = {Accessed: 2016-11-12}
}

@misc{johnson,
  title = {Stephen Johnson. (2009) Pyglet Tutorial},
  howpublished = {\url{http://steveasleep.com/pyglettutorial.html}},
  note = {Accessed: 2016-11-12}
}

@misc{armstrong,
  title = {James C. Armstrong and David B. Horvath Basic Formatting with troff/nroff},
  howpublished = {\url{ http://cmd.inp.nsk.su/old/cmd2/manuals/unix/UNIX\_Unleashed/ch08.htm}},
  note = {Accessed: 2016-11-12}
}

@misc{moody,
  title = {George B. Moody. (2003) An Introduction to Cygwin},
  howpublished = {\url{https://www.physionet.org/physiotools/cygwin/}},
  note = {Accessed: 2016-11-12}
}

